@article{carlon2011anomalous,
  title={Anomalous zipping dynamics and forced polymer translocation},
  author={Ferrantini, A. and Carlon, E.},
  journal={Journal of Statistical Mechanics: Theory and Experiment},
  volume={2011},
  pages={P02020},
  year={2011},
  publisher={IOP Publishing}
}

@article{bonnet1998kinetics,
  title={Kinetics of conformational fluctuations in DNA hairpin-loops},
  author={Bonnet, G. and Krichevsky, O. and Libchaber, A.},
  journal={Proceedings of the National Academy of Sciences},
  volume={95},
  number={15},
  pages={8602},
  year={1998},
  publisher={National Acad Sciences}
}

@article{hooyberghs2009effects,
  title={The effects of mismatches on hybridization in DNA microarrays: determination of nearest neighbor parameters},
  author={Hooyberghs, J. and Van Hummelen, P. and Carlon, E.},
  journal={Nucleic acids research},
  volume={37},
  number={7},
  pages={e53},
  year={2009},
  publisher={Oxford Univ Press}
}

@article{slater2009modeling,
  title={Modeling the separation of macromolecules: A review of current computer simulation methods},
  author={Slater, G.W. and Holm, C. and Chubynsky, M.V. and De Haan, H.W. and Dub{\'e}, A. and Grass, K. and Hickey, O.A. and Kingsburry, C. and Sean, D. and Shendruk, T.N. and others},
  journal={Electrophoresis},
  volume={30},
  number={5},
  pages={792--818},
  year={2009},
  publisher={Wiley Online Library}
}

@article{morriss2010systematically,
  title={A systematically coarse-grained model for DNA and its predictions for persistence length, stacking, twist, and chirality},
  author={Morriss-Andrews, A. and Rottler, J. and Plotkin, S.S.},
  journal={The Journal of chemical physics},
  volume={132},
  pages={035105},
  year={2010}
}

@article{sambriski2009mesoscale,
  title={A mesoscale model of DNA and its renaturation},
  author={Sambriski, EJ and Schwartz, DC and De Pablo, JJ},
  journal={Biophysical journal},
  volume={96},
  number={5},
  pages={1675--1690},
  year={2009},
  publisher={Elsevier}
}

@article{knotts2007coarse,
  title={A coarse grain model for DNA},
  author={Knotts IV, T.A. and Rathore, N. and Schwartz, D.C. and De Pablo, J.J.},
  journal={The Journal of chemical physics},
  volume={126},
  pages={084901},
  year={2007}
}

@article{florescu2011thermal,
  title={Thermal and mechanical denaturation properties of a DNA model with three sites per nucleotide},
  author={Florescu, A.M. and Joyeux, M.},
  journal={The Journal of Chemical Physics},
  volume={135},
  pages={085105},
  year={2011}
}

@article{karplus2002molecular,
  title={Molecular dynamics simulations of biomolecules},
  author={Karplus, M. and McCammon, J.A.},
  journal={Nature Structural \& Molecular Biology},
  volume={9},
  number={9},
  pages={646--652},
  year={2002},
  publisher={Nature Publishing Group}
}

@article{shen2001loop,
  title={Loop dependence of the dynamics of DNA hairpins},
  author={Shen, Y. and Kuznetsov, S.V. and Ansari, A.},
  journal={The Journal of Physical Chemistry B},
  volume={105},
  number={48},
  pages={12202--12211},
  year={2001},
  publisher={ACS Publications}
}
@article{plimpton1995fast,
  title={Fast Parallel Algorithms for Short--Range Molecular Dynamics},
  author={Plimpton, S.},
  journal={Journal of Computational Physics},
  volume={117},
  pages={1--19},
  year={1995}
}

@article{oettinger2000hairpins,
  title={Hairpins at split ends in DNA},
  author={Oettinger, M.A.},
  journal={Phys. Rev. Lett},
  volume={85},
  pages={5436--5439},
  year={2000}
}

@article{carlon2010unwinding,
  title={Unwinding dynamics of double-stranded polymers},
  author={Baiesi, M. and Barkema, GT and Carlon, E. and Panja, D.},
  journal={J. Chem. Phys},
  volume={133},
  pages={154907},
  year={2010}
}

@article{vallone1999melting,
  title={Melting studies of short DNA hairpins containing the universal base 5-nitroindole},
  author={Vallone, P.M. and Benight, A.S.},
  journal={Nucleic acids research},
  volume={27},
  number={17},
  pages={3589},
  year={1999},
  publisher={Oxford Univ Press}
}

@article{perez2011frontiers,
  title={Frontiers in Molecular Dynamics Simulations of DNA},
  author={P{\'e}rez, A. and Luque, F.J. and Orozco, M.},
  journal={Accounts of Chemical Research},
  year={2011},
  publisher={ACS Publications}
}

@article{weiner1986all,
  title={An all atom force field for simulations of proteins and nucleic acids},
  author={Weiner, S.J. and Kollman, P.A. and Nguyen, D.T. and Case, D.A.},
  journal={Journal of Computational Chemistry},
  volume={7},
  number={2},
  pages={230--252},
  year={1986},
  publisher={Wiley Online Library}
}

@article{perez2007dynamics,
  title={Dynamics of B-DNA on the microsecond time scale},
  author={P{\'e}rez, A. and Luque, F.J. and Orozco, M.},
  journal={Journal of the American Chemical Society},
  volume={129},
  number={47},
  pages={14739--14745},
  year={2007},
  publisher={ACS Publications}
}

@article{elber2005long,
  title={Long-timescale simulation methods},
  author={Elber, R.},
  journal={Current opinion in structural biology},
  volume={15},
  number={2},
  pages={151--156},
  year={2005},
  publisher={Elsevier}
}

@article{hoangcieplak,
  title={Molecular dynamics of folding of secondary structures in Go-type models of proteins},
  author={Hoang, T.X. and Cieplak, M.},
  journal={The Journal of Chemical Physics},
  volume={112},
  pages={6851},
  year={2000}
}

